@article{doi:10.1111/j.0956-7976.2005.00782.x,
	author = {Graeme S. Halford and Rosemary Baker and Julie E. McCredden and John D. Bain},
	title ={How Many Variables Can Humans Process?},
	journal = {Psychological Science},
	volume = {16},
	number = {1},
	pages = {70-76},
	year = {2005},
	doi = {10.1111/j.0956-7976.2005.00782.x},
	note ={PMID: 15660854},
	URL = {https://doi.org/10.1111/j.0956-7976.2005.00782.x},
	eprint = {https://doi.org/10.1111/j.0956-7976.2005.00782.x}
}

@techreport{Minsky:1974:FRK:889222,
	author = {Minsky, Marvin},
	title = {A Framework for Representing Knowledge},
	year = {1974},
	source = {http://www.ncstrl.org:8900/ncstrl/servlet/search?formname=detail\&id=oai%3Ancstrlh%3Amitai%3AMIT-AILab%2F%2FAIM-306},
	publisher = {Massachusetts Institute of Technology},
	address = {Cambridge, MA, USA},
}

@article{Davis1993WhatIA,
	title={What Is a Knowledge Representation?},
	author={Randall Davis and Howard E. Shrobe and Peter Szolovits},
	journal={AI Magazine},
	year={1993},
	volume={14},
	pages={17-33}
}

@ARTICLE{7358050,
	author={M. Nickel and K. Murphy and V. Tresp and E. Gabrilovich},
	journal={Proceedings of the IEEE},
	title={A Review of Relational Machine Learning for Knowledge Graphs},
	year={2016},
	volume={104},
	number={1},
	pages={11-33},
	keywords={data mining;graph theory;learning (artificial intelligence);statistical analysis;text analysis;Google knowledge vault project;automatic knowledge graph construction;text-based information extraction methods;computational cost;observable pattern mining;multiway neural networks;tensor factorization;latent feature models;statistical relational models;graph edges;graph-structured data;relational data;statistical analysis;relational machine learning;Knowledge based systems;Predictive models;Machine learning;Computer graphs;Biological system modeling;Data mining;Resource description framework;Statistical analysis;Big data;Graph-based models;knowledge extraction;knowledge graphs;latent feature models;statistical relational learning;Graph-based models;knowledge extraction;knowledge graphs;latent feature models;statistical relational learning},
	doi={10.1109/JPROC.2015.2483592},
	ISSN={0018-9219},
	month={Jan},}


@article{10008954896,
	author="JORDAN, M.",
	title="Attractor dynamics and parallelism in a connectionist sequential machine",
	journal="Proceedings of the Ninth Annual conference of the Cognitive Science Society",
	ISSN="",
	publisher="",
	year="1986",
	month="",
	volume="",
	number="",
	pages="531-546",
	URL="https://ci.nii.ac.jp/naid/10008954896/en/",
	DOI="",
}

@article{6796948,
	author={B. A. Pearlmutter},
	journal={Neural Computation},
	title={Learning State Space Trajectories in Recurrent Neural Networks},
	year={1989},
	volume={1},
	number={2},
	pages={263-269},
	keywords={},
	doi={10.1162/neco.1989.1.2.263},
	ISSN={0899-7667},
	month={June}
}



@article{DBLP:journals/corr/ChoMGBSB14,
	author    = {Kyunghyun Cho and
	Bart van Merrienboer and
	{\c{C}}aglar G{\"{u}}l{\c{c}}ehre and
	Fethi Bougares and
	Holger Schwenk and
	Yoshua Bengio},
	title     = {Learning Phrase Representations using {RNN} Encoder-Decoder for Statistical
	Machine Translation},
	journal   = {CoRR},
	volume    = {abs/1406.1078},
	year      = {2014},
	url       = {http://arxiv.org/abs/1406.1078},
	archivePrefix = {arXiv},
	eprint    = {1406.1078},
	timestamp = {Mon, 13 Aug 2018 16:46:44 +0200},
	biburl    = {https://dblp.org/rec/bib/journals/corr/ChoMGBSB14},
	bibsource = {dblp computer science bibliography, https://dblp.org}
}

@article{doi:10.1162/neco.1997.9.8.1735,
	author = {Hochreiter, Sepp and Schmidhuber, Jürgen},
	title = {Long Short-Term Memory},
	journal = {Neural Computation},
	volume = {9},
	number = {8},
	pages = {1735-1780},
	year = {1997},
	doi = {10.1162/neco.1997.9.8.1735},
	URL = {https://doi.org/10.1162/neco.1997.9.8.1735},
	eprint = {https://doi.org/10.1162/neco.1997.9.8.1735}
}

@article{DBLP:journals/corr/ChungGCB14,
	author    = {Junyoung Chung and
	{\c{C}}aglar G{\"{u}}l{\c{c}}ehre and
	KyungHyun Cho and
	Yoshua Bengio},
	title     = {Empirical Evaluation of Gated Recurrent Neural Networks on Sequence Modeling},
	journal   = {CoRR},
	volume    = {abs/1412.3555},
	year      = {2014},
	url       = {http://arxiv.org/abs/1412.3555},
	archivePrefix = {arXiv},
	eprint    = {1412.3555},
	timestamp = {Mon, 13 Aug 2018 16:47:38 +0200},
	biburl    = {https://dblp.org/rec/bib/journals/corr/ChungGCB14},
	bibsource = {dblp computer science bibliography, https://dblp.org}
}

@article{LiuZhiyuan:247,
	author = {Liu Zhiyuan, Sun Maosong, Lin Yankai, Xie Ruobing},
	title = {Knowledge Representation Learning: A Review},
	publisher = {Journal of Computer Research and Development},
	year = {2016},
	journal = {Journal of Computer Research and Development},
	volume = {53},
	number = {2},
	eid = {247},
	numpages = {14},
	pages = {247},
	keywords = {knowledge representation; representation learning; knowledge graph; deep learning; distributed representation},
	url = {http://crad.ict.ac.cn/EN/abstract/article_3099.shtml},
	doi = {10.7544/issn1000-1239.2016.20160020}
}    

@InProceedings{D16-1260,
	author = 	"Jiang, Tingsong
	and Liu, Tianyu
	and Ge, Tao
	and Sha, Lei
	and Li, Sujian
	and Chang, Baobao
	and Sui, Zhifang",
	title = 	"Encoding Temporal Information for Time-Aware Link Prediction",
	booktitle = 	"Proceedings of the 2016 Conference on Empirical Methods in Natural      Language Processing    ",
	year = 	"2016",
	publisher = 	"Association for Computational Linguistics",
	pages = 	"2350--2354",
	location = 	"Austin, Texas",
	doi = 	"10.18653/v1/D16-1260",
	url = 	"http://aclweb.org/anthology/D16-1260"
}

@INPROCEEDINGS{7527876,
	author={C. Esteban and V. Tresp and Y. Yang and S. Baier and D. Krompaß},
	booktitle={2016 19th International Conference on Information Fusion (FUSION)},
	title={Predicting the co-evolution of event and Knowledge Graphs},
	year={2016},
	volume={},
	number={},
	pages={98-105},
	keywords={graph theory;knowledge representation;learning (artificial intelligence);tensors;event coevolution prediction;semantic knowledge graph;knowledge representation;embedding learning;representation learning;machine learning;tensor representation;Tensile stress;Brain modeling;Predictive models;Neural networks;Google;Data models;Lifting equipment},
	doi={},
	ISSN={},
	month={July},}

@article{DBLP:journals/corr/TrivediDWS17,
	author    = {Rakshit Trivedi and
	Hanjun Dai and
	Yichen Wang and
	Le Song},
	title     = {Know-Evolve: Deep Reasoning in Temporal Knowledge Graphs},
	journal   = {CoRR},
	volume    = {abs/1705.05742},
	year      = {2017},
	url       = {http://arxiv.org/abs/1705.05742},
	archivePrefix = {arXiv},
	eprint    = {1705.05742},
	timestamp = {Mon, 13 Aug 2018 16:48:42 +0200},
	biburl    = {https://dblp.org/rec/bib/journals/corr/TrivediDWS17},
	bibsource = {dblp computer science bibliography, https://dblp.org}
}

@article{DBLP:journals/corr/abs-1812-02289,
	author    = {Srijan Kumar and
	Xikun Zhang and
	Jure Leskovec},
	title     = {Learning Dynamic Embeddings from Temporal Interactions},
	journal   = {CoRR},
	volume    = {abs/1812.02289},
	year      = {2018},
	url       = {http://arxiv.org/abs/1812.02289},
	archivePrefix = {arXiv},
	eprint    = {1812.02289},
	timestamp = {Tue, 01 Jan 2019 15:01:25 +0100},
	biburl    = {https://dblp.org/rec/bib/journals/corr/abs-1812-02289},
	bibsource = {dblp computer science bibliography, https://dblp.org}
}

@ARTICLE{8047276,
	author={Q. Wang and Z. Mao and B. Wang and L. Guo},
	journal={IEEE Transactions on Knowledge and Data Engineering},
	title={Knowledge Graph Embedding: A Survey of Approaches and Applications},
	year={2017},
	volume={29},
	number={12},
	pages={2724-2743},
	keywords={graph theory;learning (artificial intelligence);knowledge graph embedding;KG embedding;relation extraction;KG completion;continuous vector spaces;Statistical analysis;Knowledge discovery;Graphical models;Matrix decomposition;Systematics;Market research;Semantics;Statistical relational learning;knowledge graph embedding;latent factor models;tensor/matrix factorization models},
	doi={10.1109/TKDE.2017.2754499},
	ISSN={1041-4347},
	month={Dec},}

@Article{Che2018,
	author={Che, Zhengping
	and Purushotham, Sanjay
	and Cho, Kyunghyun
	and Sontag, David
	and Liu, Yan},
	title={Recurrent Neural Networks for Multivariate Time Series with Missing Values},
	journal={Scientific Reports},
	year={2018},
	volume={8},
	number={1},
	pages={6085},
	issn={2045-2322},
	doi={10.1038/s41598-018-24271-9},
	url={https://doi.org/10.1038/s41598-018-24271-9}
}

@article{DBLP:journals/corr/HamiltonYL17,
	author    = {William L. Hamilton and
	Rex Ying and
	Jure Leskovec},
	title     = {Inductive Representation Learning on Large Graphs},
	journal   = {CoRR},
	volume    = {abs/1706.02216},
	year      = {2017},
	url       = {http://arxiv.org/abs/1706.02216},
	archivePrefix = {arXiv},
	eprint    = {1706.02216},
	timestamp = {Mon, 13 Aug 2018 16:46:12 +0200},
	biburl    = {https://dblp.org/rec/bib/journals/corr/HamiltonYL17},
	bibsource = {dblp computer science bibliography, https://dblp.org}
}

@Article{Rotmensch2017,
	author={Rotmensch, Maya
	and Halpern, Yoni
	and Tlimat, Abdulhakim
	and Horng, Steven
	and Sontag, David},
	title={Learning a Health Knowledge Graph from Electronic Medical Records},
	journal={Scientific Reports},
	year={2017},
	volume={7},
	number={1},
	pages={5994},
	issn={2045-2322},
	doi={10.1038/s41598-017-05778-z},
	url={https://doi.org/10.1038/s41598-017-05778-z}
}

@article{DBLP:journals/corr/HuL13,
	author    = {Pili Hu and
	Wing Cheong Lau},
	title     = {A Survey and Taxonomy of Graph Sampling},
	journal   = {CoRR},
	volume    = {abs/1308.5865},
	year      = {2013},
	url       = {http://arxiv.org/abs/1308.5865},
	archivePrefix = {arXiv},
	eprint    = {1308.5865},
	timestamp = {Mon, 13 Aug 2018 16:48:58 +0200},
	biburl    = {https://dblp.org/rec/bib/journals/corr/HuL13},
	bibsource = {dblp computer science bibliography, https://dblp.org}
}

@inproceedings{Leskovec:2006:SLG:1150402.1150479,
	author = {Leskovec, Jure and Faloutsos, Christos},
	title = {Sampling from Large Graphs},
	booktitle = {Proceedings of the 12th ACM SIGKDD International Conference on Knowledge Discovery and Data Mining},
	series = {KDD '06},
	year = {2006},
	isbn = {1-59593-339-5},
	location = {Philadelphia, PA, USA},
	pages = {631--636},
	numpages = {6},
	url = {http://doi.acm.org/10.1145/1150402.1150479},
	doi = {10.1145/1150402.1150479},
	acmid = {1150479},
	publisher = {ACM},
	address = {New York, NY, USA},
	keywords = {graph mining, graph sampling, scaling laws},
} 

@article{DBLP:journals/corr/abs-1806-01973,
	author    = {Rex Ying and
	Ruining He and
	Kaifeng Chen and
	Pong Eksombatchai and
	William L. Hamilton and
	Jure Leskovec},
	title     = {Graph Convolutional Neural Networks for Web-Scale Recommender Systems},
	journal   = {CoRR},
	volume    = {abs/1806.01973},
	year      = {2018},
	url       = {http://arxiv.org/abs/1806.01973},
	archivePrefix = {arXiv},
	eprint    = {1806.01973},
	timestamp = {Mon, 13 Aug 2018 16:46:26 +0200},
	biburl    = {https://dblp.org/rec/bib/journals/corr/abs-1806-01973},
	bibsource = {dblp computer science bibliography, https://dblp.org}
}

@article{DBLP:journals/corr/KingmaB14,
	author    = {Diederik P. Kingma and
	Jimmy Ba},
	title     = {Adam: {A} Method for Stochastic Optimization},
	journal   = {CoRR},
	volume    = {abs/1412.6980},
	year      = {2014},
	url       = {http://arxiv.org/abs/1412.6980},
	archivePrefix = {arXiv},
	eprint    = {1412.6980},
	timestamp = {Mon, 13 Aug 2018 16:47:35 +0200},
	biburl    = {https://dblp.org/rec/bib/journals/corr/KingmaB14},
	bibsource = {dblp computer science bibliography, https://dblp.org}
}

@article{2018arXivUMAP,
	author = {{McInnes}, L. and {Healy}, J. and {Melville}, J.},
	title = "{UMAP: Uniform Manifold Approximation
	and Projection for Dimension Reduction}",
	journal = {ArXiv e-prints},
	archivePrefix = "arXiv",
	eprint = {1802.03426},
	primaryClass = "stat.ML",
	keywords = {Statistics - Machine Learning,
	Computer Science - Computational Geometry,
	Computer Science - Learning},
	year = 2018,
	month = feb,
}